@misc{misc_online_news_popularity_332,
  author       = {Fernandes, Kelwin and Vinagre, Pedro and Cortez, Paulo and Sernadela, Pedro},
  title        = {{Online News Popularity}},
  year         = {2015},
  howpublished = {UCI Machine Learning Repository},
  note         = {{DOI}: https://doi.org/10.24432/C5NS3V}
}


@inproceedings{Ren2015PredictingAE,
  title={Predicting and Evaluating the Popularity of Online News},
  author={He Ren and Quan Yang},
  year={2015},
  url={https://api.semanticscholar.org/CorpusID:7149545}
}

@inbook{arapakis2014,
	title = {On the Feasibility of Predicting News Popularity at Cold Start},
	author = {Arapakis, Ioannis and Cambazoglu, B. Barla and Lalmas, Mounia},
	year = {2014},
	date = {2014},
	publisher = {Springer International Publishing},
	pages = {290--299},
	doi = {10.1007/978-3-319-13734-6_21},
	url = {http://dx.doi.org/10.1007/978-3-319-13734-6_21}
}

@article{hensinger2012,
	title = {Modelling and predicting news popularity},
	author = {Hensinger, Elena and Flaounas, Ilias and Cristianini, Nello},
	year = {2012},
	month = {12},
	date = {2012-12-21},
	journal = {Pattern Analysis and Applications},
	pages = {623--635},
	volume = {16},
	number = {4},
	doi = {10.1007/s10044-012-0314-6},
	url = {http://dx.doi.org/10.1007/s10044-012-0314-6},
	langid = {en}
}

@inbook{fernandes2015,
	title = {A Proactive Intelligent Decision Support System for Predicting the Popularity of Online News},
	author = {Fernandes, Kelwin and Vinagre, Pedro and Cortez, Paulo},
	year = {2015},
	date = {2015},
	publisher = {Springer International Publishing},
	pages = {535--546},
	doi = {10.1007/978-3-319-23485-4_53},
	url = {http://dx.doi.org/10.1007/978-3-319-23485-4_53}
}

@article{khan2018,
	title = {News Popularity Prediction with Ensemble Methods of Classification},
	author = {Khan, Aasim and Worah, Gautam and Kothari, Mehul and Jadhav, Yogesh H and Nimkar, Anant V},
	year = {2018},
	month = {07},
	date = {2018-07},
	journal = {2018 9th International Conference on Computing, Communication and Networking Technologies (ICCCNT)},
	doi = {10.1109/icccnt.2018.8494095},
	url = {http://dx.doi.org/10.1109/ICCCNT.2018.8494095}
}

@article{uddin2016,
  title={Predicting the popularity of online news from content metadata},
  author={Uddin, Md Taufeeq and Patwary, Muhammed Jamshed Alam and Ahsan, Tanveer and Alam, Mohammed Shamsul},
  booktitle={2016 International Conference on Innovations in Science, Engineering and Technology (ICISET)},
  pages={1--5},
  year={2016},
  organization={IEEE}
}

@article{kaltenbrunner2007,
  title={Description and prediction of slashdot activity},
  author={Kaltenbrunner, Andreas and G{\'o}mez, Vicen{\c{c}} and L{\'o}pez, Vicente},
  booktitle={2007 Latin American Web Conference (LA-WEB 2007)},
  pages={57--66},
  year={2007},
  organization={IEEE}
}

@article{tatar2014a,
  title={From popularity prediction to ranking online news},
  author={Tatar, Alexandru and Antoniadis, Panayotis and Amorim, Marcelo Dias de and Fdida, Serge},
  journal={Social Network Analysis and Mining},
  volume={4},
  pages={1--12},
  year={2014},
  publisher={Springer}
}

@article{tatar2014b,
  title={A survey on predicting the popularity of web content},
  author={Tatar, Alexandru and De Amorim, Marcelo Dias and Fdida, Serge and Antoniadis, Panayotis},
  journal={Journal of Internet Services and Applications},
  volume={5},
  pages={1--20},
  year={2014},
  publisher={Springer}
}

@article{szabo2010,
  title={Predicting the popularity of online content},
  author={Szabo, Gabor and Huberman, Bernardo A},
  journal={Communications of the ACM},
  volume={53},
  number={8},
  pages={80--88},
  year={2010},
  publisher={ACM New York, NY, USA}
}

@article{lee2012,
  title={Modeling and predicting the popularity of online contents with Cox proportional hazard regression model},
  author={Lee, Jong Gun and Moon, Sue and Salamatian, Kav{\'e}},
  journal={Neurocomputing},
  volume={76},
  number={1},
  pages={134--145},
  year={2012},
  publisher={Elsevier}
}

@inproceedings{ahmed2013,
  title={A peek into the future: Predicting the evolution of popularity in user generated content},
  author={Ahmed, Mohamed and Spagna, Stella and Huici, Felipe and Niccolini, Saverio},
  booktitle={Proceedings of the sixth ACM international conference on Web search and data mining},
  pages={607--616},
  year={2013}
}

